<?xml version="1.0" encoding="UTF-8"?><collection xmlns="http://www.loc.gov/MARC21/slim"><record><leader>00517nam--2200193-u-4500</leader><controlfield tag="001">000051196</controlfield><controlfield tag="002">20161230</controlfield><controlfield tag="005">20161230201049</controlfield><controlfield tag="008">080530s1000------------r-----000-0-eng-d</controlfield><datafield ind1=" " ind2=" " tag="020"><subfield code="a">0486678393</subfield></datafield><datafield ind1=" " ind2=" " tag="040"><subfield code="a">IFIN-HH</subfield></datafield><datafield ind1=" " ind2=" " tag="080"><subfield code="a">548.1:543.442.3</subfield></datafield><datafield ind1="1" ind2=" " tag="100"><subfield code="a">Sands, Donalds E</subfield></datafield><datafield ind1="1" ind2="0" tag="245"><subfield code="a">Introduction to Crystallography</subfield><subfield code="c">Donalds E. Sands</subfield></datafield><datafield ind1=" " ind2=" " tag="260"><subfield code="a">New York</subfield><subfield code="b">Dover Publications, Inc</subfield><subfield code="c">1975</subfield></datafield><datafield ind1=" " ind2=" " tag="300"><subfield code="a">165 p</subfield></datafield><datafield ind1=" " ind2="4" tag="650"><subfield code="a">Tables for Crystallography</subfield></datafield><datafield ind1=" " ind2=" " tag="852"><subfield code="a">81994</subfield><subfield code="c">548</subfield></datafield><datafield ind1=" " ind2=" " tag="CAT"><subfield code="a">Sys</subfield><subfield code="c">20110407</subfield><subfield code="h">135639</subfield></datafield></record></collection>